\begin{thebibliography}{}

@techreport{multipleheaps,
    title     = "Heapsort using Multiple Heaps",
    author    = "D. Levendeas and C. Zaroliagis",
    institution = "Department of Computer Engineering and Informatics and Computer Technology Institute, N. Kazantzaki Str, Patras University Campus",
    note      = "Available at \url{http://students.ceid.upatras.gr/~lebenteas/Heapsort-using-Multiple-Heaps-final.pdf}"
}

@misc{wikiheap,
    title     = "Heap Sort",
    url       = "https://en.wikipedia.org/wiki/Heapsort",
    note      = "Available at \url{https://en.wikipedia.org/wiki/Heapsort}"
}

@misc{goslice,
    title     = "Go Tour",
    note      = "Available at \url{https://tour.golang.org/moretypes/7}"
}

@book{clrsthirdedition,
    author    = "Thomas H. Cormen and Charles E. Leiserson and Ronald L. Rivest and Clifford Stein",
    title     = "Introduction To Algorithms Third Edition",
    year      = "2009",
    pages     = "155"
}

@misc{heapsort,
    title     = "Heap Sort - Data Structures and Algorithms",
    note      = "Available at \url{http://www.cems.uvm.edu/~rsnapp/teaching/cs124/notes/cs124notes_031914.pdf}"
}

\end{thebibliography}
